@book{koza92,
		author    = "Koza, John R.",
		title     = "Genetic Programming: On the Programming of Computers by Means of Natural Selection",
		publisher = "MIT Press",
		year      = "1992"
}


@misc{ wiki:latex,
       author = "Wikipedia",
       title = "LaTeX --- Wikipedia{,} La enciclopedia libre",
       year = "2015",
       url = "https://es.wikipedia.org/w/index.php?title=LaTeX&oldid=84209252",
       note = "[Internet; descargado 30-septiembre-2015]"
}

@software{jose_luis_garrido_labrador_2023_7781117,
  author       = {Jos√© Luis Garrido-Labrador},
  title        = {jlgarridol/sslearn: v1.0.3.1},
  month        = mar,
  year         = 2023,
  publisher    = {Zenodo},
  version      = {1.0.3.1},
  doi          = {10.5281/zenodo.7781117},
  url          = {https://doi.org/10.5281/zenodo.7781117}
}

@misc{ eswiki:148719517,
       author = "Wikipedia",
       title = "Privacidad --- Wikipedia{,} La enciclopedia libre",
       year = "2023",
       url = "\url{https://es.wikipedia.org/w/index.php?title=Privacidad&oldid=148719517}",
       note = "[Internet; descargado 20-enero-2023]"
}